@phdthesis {msordo_thesis,
	title = {Semantic Annotation of Music Collections: A Computational Approach},
	year = {2011},
	month = {12/2011},
	pages = {239},
	school = {Universitat Pompeu Fabra},
	address = {Barcelona (Spain)},
	keywords = {audio tag classification, folksonomies, music information retrieval, Music tagging, Semantic categorization, semantic space, Social music},	
	author = {Sordo, M.}
}

@conference {essentia,
	title = {ESSENTIA: an Audio Analysis Library for Music Information Retrieval},
	booktitle = {International Society for Music Information Retrieval Conference (ISMIR{\textquoteright}13)},
	year = {2013},
	month = {04/11/2013},
	pages = {493-498},
	address = {Curitiba, Brazil},	
	author = {Bogdanov, D. and Nicolas Wack and Emilia G{\'o}mez and Sankalp Gulati and Herrera, P. and Mayor, O. and Roma, G. and Salamon, J. and Zapata, J. and Serra, Xavier}
}

@article {tzanetakis,    
    author = {Tzanetakis, G. and Cook, P.},
    booktitle = {Speech and Audio Processing, IEEE Transactions on},
    institution = {Dept. of Comput. Sci., Princeton Univ., NJ, USA},
    issn = {1063-6676},
    journal = {Speech and Audio Processing, IEEE Transactions on},    
    month = jul,
    number = {5},
    pages = {293--302},
    posted-at = {2007-08-16},    
    publisher = {IEEE},
    title = {{Musical genre classification of audio signals}},    
    volume = {10},
    year = {2002}
}


@INPROCEEDINGS {highlevel_genre,
    author = {Cory Mckay and Ichiro Fujinaga},
    title = {Automatic genre classification using large high-level musical feature sets},
    booktitle = {In Int. Conf. on Music Information Retrieval, ISMIR 2004},
    year = {2004},
    pages = {525--530}
}

@article{SalamonTASLP12,
	Author = {Salamon, J. and G\'{o}mez, E.},
	Doi = {10.1109/TASL.2012.2188515},
	Journal = {IEEE Transactions on Audio, Speech, and Language Processing},
	Month = {Aug.},
	Number = {6},
	Pages = {1759-1770},
	Title = {Melody Extraction from Polyphonic Music Signals using Pitch Contour Characteristics},
	Volume = {20},
	Year = {2012}
}

@inproceedings{salamon:GenreMelody:ICASSP12,
	Address = {Kyoto, Japan},
	Author = {Salamon, J. and Rocha, B. and G{\'o}mez, E.},
	Booktitle = {IEEE Int.~Conf.~on Acoustics, Speech and Signal Processing (ICASSP)},
	Month = {Mar.},
	Pages = {81--84},
	Title = {Musical Genre Classification using Melody Features Extracted from Polyphonic Music Signals},
	Year = {2012}
}

@INPROCEEDINGS{by_instrumental,
    author = {Jiajun Zhu and Xiangyang Xue and Hong Lu},
    title = {Musical genre classification by instrumental features},
    booktitle = {In Int. Computer Music Conference, ICMC 2004},
    year = {2004},
    pages = {580--583}
}
	
@inproceedings{DBLP:conf/ijcai/GemmellSRM09,
  author    = {Jonathan Gemmell and
               Thomas Schimoler and
               Maryam Ramezani and
               Bamshad Mobasher},
  title     = {Adapting K-Nearest Neighbor for Tag Recommendation in Folksonomies},
  booktitle = {ITWP},
  year      = {2009}  
}

@inproceedings{trohidis_knn,
  added-at = {2010-03-09T10:01:28.000+0100},
  author = {Trohidis, Konstantinos and Tsoumakas, Grigorios and Kalliris, George and Vlahavas, Ioannis P.},
  booktitle = {ISMIR},
  crossref = {conf/ismir/2008},
  date = {2009-12-28},
  description = {dblp},
  editor = {Bello, Juan Pablo and Chew, Elaine and Turnbull, Douglas},  
  isbn = {978-0-615-24849-3},  
  pages = {325-330},
  timestamp = {2010-03-09T10:01:28.000+0100},
  title = {Multi-Label Classification of Music into Emotions.},  
  year = 2008
}

@article{multilabelclassification,
    author = {Grigorios Tsoumakas and Ioannis Katakis},
    title = {Multi-label classification: An overview},
    journal = {Int J Data Warehousing and Mining},
    year = {2007},
    volume = {2007},
    pages = {1--13}
}

@inproceedings{multilabel_1,  
  author = {Miotto, Riccardo and Barrington, Luke and Lanckriet, Gert R. G.},
  booktitle = {ISMIR},
  crossref = {conf/ismir/2010},
  editor = {Downie, J. Stephen and Veltkamp, Remco C.},
  isbn = {978-90-393-53813},
  keywords = {dblp},
  pages = {297-302},
  publisher = {International Society for Music Information Retrieval},
  title = {Improving Auto-tagging by Modeling Semantic Co-occurrences.},
  year = 2010
}

@article{orio,
 author = {Orio, Nicola},
 title = {Music Retrieval: A Tutorial and Review},
 journal = {Found. Trends Inf. Retr.},
 issue_date = {January 2006},
 year = {2006},
 issn = {1554-0669},
 pages = {1--96},
 numpages = {96},
 acmid = {1217686},
 publisher = {Now Publishers Inc.},
 address = {Hanover, MA, USA},
} 

@article{pca,
 author = {Ilin, Alexander and Raiko, Tapani},
 title = {Practical Approaches to Principal Component Analysis in the Presence of Missing Values},
 journal = {J. Mach. Learn. Res.},
 issue_date = {3/1/2010},
 month = aug,
 year = {2010},
 issn = {1532-4435},
 pages = {1957--2000},
 numpages = {44},
 publisher = {JMLR.org},
} 

@techreport{prec_recall,
  added-at = {2013-01-04T14:58:11.000+0100},
  address = {Adelaide, Australia},
  author = {Powers, David M. W.},
  description = {CiteULike: Evaluation: From Precision, Recall and F-Factor to ROC, Informedness, Markedness & Correlation},
  institution = {School of Informatics and Engineering, Flinders University},
  number = {SIE-07-001},
  title = {{Evaluation: From Precision, Recall and F-Factor to ROC, Informedness, Markedness \& Correlation}},
  year = 2007
}

@article{turnbull,
    author = {Douglas Turnbull and Student Member and Luke Barrington and David Torres and Gert Lanckriet and Table I},
    title = {Semantic annotation and retrieval of music and sound effects},
    journal = {IEEE TASLP},
    year = {2008}
}

@inproceedings{bugaychenko,
  title={Musical recommendations and personalization in a social network},
  author={Bugaychenko, Dmitry and Dzuba, Alexandr},
  booktitle={Proceedings of the 7th ACM conference on Recommender systems},
  pages={367--370},
  year={2013},
  organization={ACM}
}

